<?xml version="1.0" encoding="UTF-8"?><collection xmlns="http://www.loc.gov/MARC21/slim"><record><leader>00669nam--2200193-i-4500</leader><controlfield tag="001">000013946</controlfield><controlfield tag="002">20161230</controlfield><controlfield tag="005">20161230201030</controlfield><controlfield tag="008">060222s1000------------r-----000-0-eng-d</controlfield><datafield ind1=" " ind2=" " tag="020"><subfield code="a">0306407221</subfield></datafield><datafield ind1=" " ind2=" " tag="040"><subfield code="a">IFIN-HH</subfield></datafield><datafield ind1=" " ind2=" " tag="080"><subfield code="a">535.2:530.182(061.3)</subfield></datafield><datafield ind1="1" ind2=" " tag="100"><subfield code="a">Bowden, Charles M</subfield></datafield><datafield ind1="1" ind2="0" tag="245"><subfield code="a">Optical bistability</subfield><subfield code="b">Invited papers presented a t the international conference on optical bistability, held june 3-5, 1980, in asheville, north carolina</subfield><subfield code="c">CHARLES M. BOWDEN; MIKAEL CIFTAN; HERMANN R. ROBL (Eds.)</subfield></datafield><datafield ind1=" " ind2=" " tag="260"><subfield code="a">LONDON</subfield><subfield code="b">Plenum Press</subfield><subfield code="c">1981</subfield></datafield><datafield ind1=" " ind2=" " tag="300"><subfield code="a">XI + 614 P</subfield></datafield><datafield ind1="1" ind2=" " tag="700"><subfield code="a">Robl, Hermann R</subfield><subfield code="e">Ed</subfield></datafield><datafield ind1=" " ind2=" " tag="852"><subfield code="a">49354</subfield><subfield code="c">535</subfield></datafield><datafield ind1=" " ind2=" " tag="CAT"><subfield code="a">Sys</subfield><subfield code="c">20101124</subfield><subfield code="h">124906</subfield></datafield></record></collection>